<record><leader>00000cas a2200000 a 4500</leader><controlfield tag="001">15379099</controlfield><controlfield tag="008">870327d185u1uuuiluwr ne      0   a0eng c</controlfield><datafield ind1=" " ind2=" " tag="010"><subfield code="a">sn 87082530 </subfield></datafield><datafield ind1=" " ind2=" " tag="040"><subfield code="a">NPV</subfield><subfield code="b">eng</subfield><subfield code="c">NPV</subfield><subfield code="d">DLC</subfield><subfield code="d">NVF</subfield><subfield code="d">CVF</subfield><subfield code="d">OCL</subfield><subfield code="d">CVF</subfield><subfield code="d">NVF</subfield><subfield code="d">OCLCQ</subfield><subfield code="d">OCLCF</subfield><subfield code="d">OCLCO</subfield><subfield code="d">NVF</subfield><subfield code="d">OCLCO</subfield></datafield><datafield ind1="1" ind2=" " tag="029"><subfield code="a">AU@</subfield><subfield code="b">000005392377</subfield></datafield><datafield ind1=" " ind2=" " tag="042"><subfield code="a">pcc</subfield></datafield><datafield ind1=" " ind2=" " tag="043"><subfield code="a">n-us-il</subfield></datafield><datafield ind1="0" ind2="0" tag="050"><subfield code="a">Newspaper 7574-X</subfield></datafield><datafield ind1="0" ind2=" " tag="130"><subfield code="a">Chicago weekly journal (Chicago, Ill. : 1855)</subfield></datafield><datafield ind1="1" ind2="0" tag="245"><subfield code="a">Chicago weekly journal.</subfield></datafield><datafield ind1="1" ind2="3" tag="246"><subfield code="a">Chicago journal</subfield></datafield><datafield ind1="1" ind2="3" tag="246"><subfield code="a">Weekly Chicago journal</subfield></datafield><datafield ind1=" " ind2=" " tag="260"><subfield code="a">Chicago, Ill. :</subfield><subfield code="b">R.L. &amp; C.L. Wilson and C.H. Pierce</subfield></datafield><datafield ind1=" " ind2=" " tag="300"><subfield code="a">v.</subfield></datafield><datafield ind1=" " ind2=" " tag="310"><subfield code="a">Weekly</subfield></datafield><datafield ind1=" " ind2=" " tag="500"><subfield code="a">"Weekly" appears in title ornament, Apr. 15, 1864-&lt;Dec. 29, 1875&gt;.</subfield></datafield><datafield ind1=" " ind2=" " tag="580"><subfield code="a">Daily eds.: Chicago daily journal (Chicago, Ill. : 1855), 1855-1861, and: Chicago evening journal, 1861-&lt;1888&gt;.</subfield></datafield><datafield ind1=" " ind2=" " tag="580"><subfield code="a">Triweekly ed.: Chicago tri-weekly journal, &lt;1865-1866&gt;.</subfield></datafield><datafield ind1=" " ind2=" " tag="588"><subfield code="a">Description based on: Vol. 16, no. 29 (July 14, 1855) = Whole no. 653.</subfield></datafield><datafield ind1=" " ind2=" " tag="588"><subfield code="a">Latest issue consulted: Dec. 26, 1894.</subfield></datafield><datafield ind1=" " ind2="0" tag="651"><subfield code="a">Chicago (Ill.)</subfield><subfield code="v">Newspapers.</subfield></datafield><datafield ind1=" " ind2="7" tag="651"><subfield code="a">Illinois</subfield><subfield code="z">Chicago.</subfield><subfield code="2">fast</subfield><subfield code="0">(OCoLC)fst01204048</subfield></datafield><datafield ind1=" " ind2="7" tag="655"><subfield code="a">Newspapers.</subfield><subfield code="2">fast</subfield><subfield code="0">(OCoLC)fst01423814</subfield></datafield><datafield ind1=" " ind2=" " tag="752"><subfield code="a">United States</subfield><subfield code="b">Illinois</subfield><subfield code="c">Cook</subfield><subfield code="d">Chicago.</subfield></datafield><datafield ind1="1" ind2=" " tag="775"><subfield code="t">Chicago daily journal (Chicago, Ill. : 1855)</subfield><subfield code="w">(DLC)sn 87082528</subfield><subfield code="w">(OCoLC)15368566</subfield></datafield><datafield ind1="1" ind2=" " tag="775"><subfield code="t">Chicago evening journal</subfield><subfield code="w">(DLC)sn 82016386</subfield><subfield code="w">(OCoLC)9307971</subfield></datafield><datafield ind1="1" ind2=" " tag="775"><subfield code="t">Chicago tri-weekly journal</subfield><subfield code="w">(DLC)sn 82016292</subfield><subfield code="w">(OCoLC)9273876</subfield></datafield><datafield ind1="0" ind2="0" tag="780"><subfield code="t">Weekly Chicago journal</subfield><subfield code="w">(DLC)sn 87082529</subfield><subfield code="w">(OCoLC)15379045</subfield></datafield></record>